<collection xmlns="http://www.loc.gov/MARC21/slim">
<record>
  <leader>01141nam0a22001331i 450 </leader>
  <controlfield tag="001">IT\ICCU\CNCE\065707</controlfield>
  <controlfield tag="005">20060919000000.0</controlfield>
  <datafield tag="100" ind1=" " ind2=" ">
    <subfield code="a">20060727d1577        0itac0103    ba</subfield>
  </datafield>
  <datafield tag="101" ind1=" " ind2=" ">
    <subfield code="a">LAT</subfield>
  </datafield>
  <datafield tag="102" ind1=" " ind2=" ">
    <subfield code="a">FR</subfield>
  </datafield>
  <datafield tag="200" ind1="1" ind2=" ">
    <subfield code="a">De successionibus et ultimis voluntatibus : Libri IX in tres tomos diuisi : Opus plane aureum, nunc denuo in gratiam illustrissimi iurisprudentii addictorum, recusum, &amp; ab infinitis mendis respurgatum, pristinique nitori restitutum ... : Quorum I Potestatem, &amp; voluntatem testatoris dilucidissime depingit; II Requisita testamentorum optime recenset; III Limitationes seu modificationes requisitorum artificiose tractat; IIII Transmissionem, qui tam substitutionis, quam ius accrescendi vincit, loculentissimedemontra; V Substitutiones expressas continet; VI Tacitis substitutionibus inseruit; VII Successsionum resolutiones integrales largissime explicat; VIII Omnes casus seu species, quib. testamentum initio firmum, vel ex toto, aut ex parte irritetur, solerti</subfield>
  </datafield>
  <datafield tag="210" ind1=" " ind2=" ">
    <subfield code="a">Impressum Francofurti ad Moenum</subfield>
    <subfield code="c">Apud Ioanem Feyerabendt</subfield>
    <subfield code="d">Impensis Sigismondi Feyerebendt</subfield>
    <subfield code="d">1577</subfield>
  </datafield>
  <datafield tag="300" ind1=" " ind2=" ">
    <subfield code="a">ANNULLATA  !!!!!!</subfield>
  </datafield>
  <datafield tag="801" ind1=" " ind2="3">
    <subfield code="a">IT</subfield>
    <subfield code="b">ICCU</subfield>
    <subfield code="c">20201115</subfield>
  </datafield>
</record>
</collection>
